@misc{example,
  title = {veri gud, yes},
  author = {Jens Tinggaard},
  year = 2023,
  url = {https://t1ng.dk},
  urldate = {2023-12-31}
}

@book{alg-book,
    author = {Cormen, Thomas and Leiserson, Charles and Rivest, Ronald and Stein, Clifford},
    title = {Introduction to Algorithms},
    year = 2022,
    isbn = 9780262046305,
    publisher = {MIT Press Ltd},
    edition = 4,
}
